@book{htt,
  author    = {Jacob Lurie},
  title     = {Higher Topos Theory},
  publisher = {Princeton University Press},
  year      = {2009},
  address   = {Princeton, NJ}
}

@online{ker,
  author    = {Jacob Lurie},
  title     = {Kerodon: An Online Resource for Higher Category Theory},
  url       = {https://kerodon.net},
  year      = {2023}
}

@article{Joyal,
  author    = {Andr√© Joyal},
  title     = {Quasi-categories and Kan complexes},
  journal   = {Journal of Pure and Applied Algebra},
  year      = {2002},
  volume    = {175},
  number    = {1-3},
  pages     = {207--222}
}

@online{lc,
  author    = {Chen Lin},
  title     = {Infinite Category Theory},
  url       = {https://windshower.github.io/linchen/teaching/f2024.html},
  year      = {2024}
}

@online{ha,
    author = {Jacob Lurie},
    title = {Higher Algebra},
    url = {https://people.math.harvard.edu/~lurie/papers/HA.pdf},
    year = {2017}

}

@online{ScholzeSF,
  author    = {Peter Scholze},
  title     = {Six-Functor Formalisms},
  year      = {2023},
  url       = {https://people.mpim-bonn.mpg.de/scholze/SixFunctors.pdf}

}

@article{HeyerMann2024,
  author    = {Heyer, Christian and Mann, Lucas},
  title     = {6-Functor Formalisms and Smooth Representations},
  journal   = {arXiv preprint},
  year      = {2024}
}

@inproceedings{Voevodsky1998,

author    = {Vladimir Voevodsky},

title     = {$\mathbb{A}^1$-homotopy theory},

booktitle = {Proceedings of the international congress of mathematicians},

year      = {1998},

volume    = {1},

pages     = {579--604},

}

@article{Hlavinka2022,
  author    = {Joseph Hlavinka},
  title     = {Motivic Homotopy Theory and Cellular Schemes},
  year      = {2022}
}

@inproceedings{Nisnevich1989,
  author    = {Yevsey A. Nisnevich},
  title     = {The completely decomposed topology on schemes and associated descent spectral sequences in algebraic K-theory},
  booktitle = {Algebraic K-theory: connections with geometry and topology},
  series    = {NATO Advanced Science Institutes Series C: Mathematical and Physical Sciences},
  volume    = {279},
  publisher = {Kluwer Academic Publishers Group},
  address   = {Dordrecht},
  year      = {1989},
  pages     = {241--342},
}

@article{MorelVoevodsky1999,
  author    = {Fabien Morel and Vladimir Voevodsky},
  title     = {$\mathbb{A}^1$-homotopy theory of schemes},
  journal   = {Publications Math{\'e}matiques de l'IH{\'E}S},
  year      = {1999},
  volume    = {90},
  pages     = {45--143}
}

@book{morel2012a1,
  author = {Morel, Fabien},
  title = {$\mathbb{A}^1$-Algebraic Topology over a Field},
  series = {Lecture Notes in Mathematics},
  volume = {2052},
  publisher = {Springer},
  address = {Berlin, Heidelberg},
  year = {2012}
}

@article{Naumann2009BrownRI,
  title={Brown representability in $\mathbb{A}^1$-homotopy theory},
  author={N. Axel Naumann and Markus Spitzweck},
  journal={arXiv: Algebraic Geometry},
  year={2009}
}

@book{dundas2007motivic,
  author    = {Dundas, Bj{\o}rn Ian and Levine, Marc and {\O}stv{\ae}r, Paul Arne and R{\"o}ndigs, Oliver and Voevodsky, Vladimir},
  title     = {Motivic Homotopy Theory: Lectures at a Summer School in Nordfjordeid, Norway, August 2002},
  series    = {Universitext},
  publisher = {Springer-Verlag},
  address   = {Berlin, Heidelberg},
  year      = {2007}
}

@article{Robalo2015,
  author    = {Marco Robalo},
  title     = {K-theory and the bridge from motives to noncommutative motives},
  journal   = {Advances in Mathematics},
  year      = {2015},
  volume    = {269},
  pages     = {399--550}
}

@article{Robalo2012arxiv,
  author    = {Robalo, Marco},
  title     = {Noncommutative motives {I}},
  subtitle  = {A universal characterization of the motivic stable homotopy theory of schemes},
  journal   = {arXiv e-prints},
  year      = {2012}
}

@book{Ayoub2007,
  author    = {Joseph Ayoub},
  title     = {Les six op{\'e}rations de Grothendieck et le formalisme des cycles {\'e}vanescents dans le monde motivique (I)},
  series    = {Ast{\'e}risque},
  volume    = {314},
  year      = {2007},
  pages     = {476},
  publisher = {Soci{\'e}t{\'e} Math{\'e}matique de France}
}